@misc{wjaskowski2014,
  author        = {Wojciech Ja\'{e}kowski},
  title         = {Problemy Decyzyjne Markowa (materiały wykładowe)},
  month         = {May},
  year          = {2014},
  url       = {http://www.cs.put.poznan.pl/wjaskowski/pub/teaching/wmio/lectures2014/Problemy_Decyzyjne_Markova.pdf}
}
@misc{wjaskowski2016,
  author        = {Wojciech Ja\'{e}kowski},
  title         = {Uczenie ze wzmocnieniem — generalizacja i zastosowania (materiały wykładowe)},
  month         = {May},
  year          = {2016},
  url       = {http://www.cs.put.poznan.pl/wjaskowski/pub/teaching/wmio/lectures2016/Uczenie_sie_ze_Wzmocnieniem_2.pdf}
}


@article{brafman02,
       journal = "Journal of Machine Learning Research",
       volume = "3",
       year = "2002",
       pages = "213--231",
       title = "{R-MAX}---A General Polynomial Time Algorithm for
                 Near-Optimal Reinforcement Learning",
       author = "R. I. Brafman and M. Tennenholtz"
}
@article{DBLP:journals/corr/OsbandBPR16,
  author    = {Ian Osband and
               Charles Blundell and
               Alexander Pritzel and
               Benjamin Van Roy},
  title     = {Deep Exploration via Bootstrapped {DQN}},
  journal   = {CoRR},
  volume    = {abs/1602.04621},
  year      = {2016},
  url       = {http://arxiv.org/abs/1602.04621},
  timestamp = {Tue, 01 Mar 2016 17:47:25 +0100},
  biburl    = {http://dblp.uni-trier.de/rec/bib/journals/corr/OsbandBPR16},
  bibsource = {dblp computer science bibliography, http://dblp.org}
}
@article{DBLP:journals/corr/StadieLA15,
  author    = {Bradly C. Stadie and
               Sergey Levine and
               Pieter Abbeel},
  title     = {Incentivizing Exploration In Reinforcement Learning With Deep Predictive
               Models},
  journal   = {CoRR},
  volume    = {abs/1507.00814},
  year      = {2015},
  url       = {http://arxiv.org/abs/1507.00814},
  timestamp = {Sun, 02 Aug 2015 18:42:02 +0200},
  biburl    = {http://dblp.uni-trier.de/rec/bib/journals/corr/StadieLA15},
  bibsource = {dblp computer science bibliography, http://dblp.org}
}
@inproceedings{bagnell2010efficient,
author = {Bagnell, J Andrew and Ross, St\'{e}phane},
booktitle = {Proceedings of the 13th International Conference on Artificial Intelligence and Statistics (AISTATS) 2010},
pages = {661--6/lectures2014/Problemy_Decyzyjne_Markova.pdf68},
title = {{Efficient Reductions for Imitation Learning}},
volume = {9},
year = {2010}
}
@article{DBLP:journals/corr/abs-1011-0686,
  author    = {St{\'{e}}phane Ross and
               Geoffrey J. Gordon and
               J. Andrew Bagnell},
  title     = {No-Regret Reductions for Imitation Learning and Structured Prediction},
  journal   = {CoRR},
  volume    = {abs/1011.0686},
  year      = {2010},
  url       = {http://arxiv.org/abs/1011.0686},
  timestamp = {Mon, 05 Dec 2011 18:05:32 +0100},
  biburl    = {http://dblp.uni-trier.de/rec/bib/journals/corr/abs-1011-0686},
  bibsource = {dblp computer science bibliography, http://dblp.org}
}
@article{DBLP:journals/corr/BengioVJS15,
  author    = {Samy Bengio and
               Oriol Vinyals and
               Navdeep Jaitly and
               Noam Shazeer},
  title     = {Scheduled Sampling for Sequence Prediction with Recurrent Neural Networks},
  journal   = {CoRR},
  volume    = {abs/1506.03099},
  year      = {2015},
  url       = {http://arxiv.org/abs/1506.03099},
  timestamp = {Wed, 01 Jul 2015 15:10:24 +0200},
  biburl    = {http://dblp.uni-trier.de/rec/bib/journals/corr/BengioVJS15},
  bibsource = {dblp computer science bibliography, http://dblp.org}
}
@article{DBLP:journals/corr/ChangKADL15,
  author    = {Kai{-}Wei Chang and
               Akshay Krishnamurthy and
               Alekh Agarwal and
               Hal Daum{\'{e}} III and
               John Langford},
  title     = {Learning to Search Better Than Your Teacher},
  journal   = {CoRR},
  volume    = {abs/1502.02206},
  year      = {2015},
  url       = {http://arxiv.org/abs/1502.02206},
  timestamp = {Mon, 02 Mar 2015 14:17:34 +0100},
  biburl    = {http://dblp.uni-trier.de/rec/bib/journals/corr/ChangKADL15},
  bibsource = {dblp computer science bibliography, http://dblp.org}
}
@article{DBLP:journals/corr/KempkaWRTJ16,
  author    = {Michal Kempka and
               Marek Wydmuch and
               Grzegorz Runc and
               Jakub Toczek and
               Wojciech Jaskowski},
  title     = {ViZDoom: {A} Doom-based {AI} Research Platform for Visual Reinforcement
               Learning},
  journal   = {CoRR},
  volume    = {abs/1605.02097},
  year      = {2016},
  url       = {http://arxiv.org/abs/1605.02097},
  timestamp = {Wed, 07 Jun 2017 14:41:20 +0200},
  biburl    = {http://dblp.uni-trier.de/rec/bib/journals/corr/KempkaWRTJ16},
  bibsource = {dblp computer science bibliography, http://dblp.org}
}


